<?xml version="1.0" encoding="UTF-8"?><collection xmlns="http://www.loc.gov/MARC21/slim"><record><leader>00405nam--2200133-i-4500</leader><controlfield tag="001">000023922</controlfield><controlfield tag="002">20161230</controlfield><controlfield tag="005">20161230201035</controlfield><controlfield tag="008">060222s1000------------r-----000-0-eng-d</controlfield><datafield ind1=" " ind2=" " tag="080"><subfield code="a">621.039.54(043)</subfield></datafield><datafield ind1=" " ind2=" " tag="100"><subfield code="a">Giacometti, Antonio</subfield></datafield><datafield ind1=" " ind2=" " tag="245"><subfield code="a">Etude neutronique des noyaux lourds-formes dans la cycle du combustible des reacteurs nucleaires.these</subfield></datafield><datafield ind1=" " ind2=" " tag="260"><subfield code="a">Paris, Universite, 1978. Dif.P</subfield></datafield><datafield ind1=" " ind2=" " tag="852"><subfield code="a">48398</subfield></datafield></record></collection>